@BOOK{Moore:1979:MAI,
  Address =	 {Philadelphia, PA, USA},
  Author =	 {Moore, R. E.},
  Pages =	 {xi + 190},
  Publisher =	 {Society for Industrial and Applied Mathematics},
  Title =	 {Methods and Applications of Interval Analysis},
  Year =	 {1979}
}

@BOOK{vonNeumann:1966:TSR,
  Author =	 {{von Neumann}, J.},
  Editor =	 {Burks, A. W.},
  Pages =	 {xix + 388},
  Title =	 {Theory of Self-Reproducing Automata},
  Year =	 {1966}
}

@MastersThesis{Aguiar:2005,
   author =       "Marilton Aguiar",
   title =        "Título da Monografia",
   school =       "Centro de Desenvolvimento Tecnológico, Universidade Federal de Pelotas",
   year =         "2005",
   type =         "Trabalho de Conclusão (Curso de Ciência da Computação)",
   pages =        "85",
   address =      "Pelotas"}

@Book{Cormen,
  author =	"T. Cormen and C. Leiserson and R. Rivest",
  title =	"Introduction to Algorithms",
  publisher =	"{MIT} Press",
  year = 	"1990",
}

@online{society_factsheet_2012,
	title = {Factsheet 417: {The} later stages of dementia},
	url = {https://www.alzheimers.org.uk/site/scripts/documents\_info.php?documentID=101},
	abstract = {An Alzheimer's Society factsheet on the later stages of dementia.},
	urldate = {2016-11-13},
	author = {Society, Alzheimer's},
	month = mar,
	year = {2012}
}

@online{phet_2002,
	title = {PHET},
	url = {https://phet.colorado.edu},
	urldate = {2021-04-18},
	author = {Wieman, Carl},
	year = {2002}
}

@online{webgl_2017,
	title = {WebGL},
	url = {https://webgl2fundamentals.org/},
	urldate = {2021-04-18},
	author = {},
	year = {2017}
}

@misc{strom2017immersive,
  title={Immersive linear algebra},
  author={Str{\"o}m, Jacob and {\AA}str{\"o}m, Kalle and Akenine-M{\"o}ller, Tomas},
  year={2017},
  publisher={ImmersiveMath. com}
}

@article{Voss_Nunes_Herpich_Medina_2015, 
    place={Campinas, SP},
    title={Ambientes Virtuais de Aprendizagem e Ambientes Imersivos: um estudo de caso utilizando tecnologias de computação móvel e web viewers},
    volume={2},
    url={https://econtents.bc.unicamp.br/inpec/index.php/tsc/article/view/14448},
    number={1},
    journal={Tecnologias, Sociedade e Conhecimento}, author={Voss, Gleizer Bierhalz and Nunes, Felipe Becker and Herpich, Fabrício and Medina, Roseclea Duarte}, year={2015},
    month={nov.},
    pages={24–42}
}

@inproceedings{klawe1999computer,
  title={Computer games, education and interfaces: The E-GEMS project},
  author={Klawe, M},
  booktitle={Graphics interface},
  pages={36--39},
  year={1999}
}

@incollection{kincaid2003simulation,
  title={Simulation in education and training},
  author={Kincaid, J Peter and Hamilton, Roger and Tarr, Ronald W and Sangani, Harshal},
  booktitle={Applied system simulation},
  pages={437--456},
  year={2003},
  publisher={Springer}
}